
@book{bratman,
    author = {Michael E Bratman},
    title = {Intention, Plans, and Practical Reason},
    year = {1999},
    publisher = {CSLI Publication},
    isbn = {1575861925}
}

@article{georgeff99bdi,
    title={The belief-desire-intention model of agency},
    author={Georgeff, M. and Pell, B. and Pollack, M. and Tambe, M. 
        and Wooldridge, M.},
    journal={Intelligent Agents V: Agents Theories, Architectures, 
        and Languages},
    pages={1--10},
    year={1999},
    publisher={Springer}
}

@article{haddadi1996belief,
    title={Belief-desire-intention agent architectures},
    author={Haddadi, A. and Sundermeyer, K.},
    journal={Foundations of distributed artificial intelligence},
    pages={169--185},
    year={1996},
    publisher={New York, NY: John Wiley}
}

@article{astington1991developing,
    title={Developing understanding of desire and intention},
    author={Astington, J.W. and Gopnik, A.},
    journal={Natural theories of mind Evolution development and simulation 
        of everyday mindreading},
    year={1991},
    publisher={Basil Blackwell}
}

@article{jennings1993specification,
    title={Specification and implementation of a belief-desire-joint-intention 
        architecture for collaborative problem solving},
    author={Jennings, N.R.},
    journal={Int. Journal of Intelligent and Cooperative Information Systems},
    volume={2},
    number={3},
    pages={289--318},
    year={1993}
}

@inproceedings{shajari2004application,
    title={Application of Belief-Desire-Intention agents in intrusion 
        detection and response},
    author={Shajari, M. and Ghorbani, A.A.},
    booktitle={Proceedings of the Second Annual Conference on Privacy, 
        Security and Trust, PST},
    volume={4},
    pages={181--191},
    year={2004}
}

@inproceedings{rao1995bdi,
    title={BDI agents: From theory to practice},
    author={Rao, A.S. and Georgeff, M.P. and others},
    booktitle={Proceedings of the first international conference on 
        multi-agent systems (ICMAS-95)},
    pages={312--319},
    year={1995},
    organization={San Francisco}
}

@article{kashima1998category,
    title={The category of the mind: Folk psychology of belief, desire, 
        and intention},
    author={Kashima, Y. and McKintyre, A. and Clifford, P.},
    journal={Asian Journal of Social Psychology},
    volume={1},
    number={3},
    pages={289--313},
    year={1998},
    publisher={Wiley Online Library}
}

@article{danezis2005sybil,
    title={Sybil-resistant DHT routing},
    author={Danezis, G. and Lesniewski-Laas, C. and Kaashoek, M. and Anderson, R.},
    journal={Computer Security--ESORICS 2005},
    pages={305--318},
    year={2005},
    publisher={Springer}
}

@inproceedings{shi2008smushing,
    title={Smushing RDF instances: are Alice and Bob the same open source developer},
    author={Shi, L. and Berrueta, D. and Fern{\'a}ndez, S. and Polo, L. and Fern{\'a}ndez, S.},
    booktitle={PICKME Workshop},
    year={2008},
    organization={Citeseer}
}

@inproceedings{levien1998attack,
    title={Attack-resistant trust metrics for public key certification},
    author={Levien, R. and Aiken, A.},
    booktitle={7th USENIX Security Symposium},
    pages={229--242},
    year={1998}
}

@misc{levien2004thesis,
    author={Raph Levien},
    title={Thesis early draft},
    note={\url{http://www.levien.com/thesis/compact.pdf}}
}

@article{o1998fipa,
    title={FIPAâ€”towards a standard for software agents},
    author={O'Brien, P.D. and Nicol, R.C.},
    journal={BT Technology Journal},
    volume={16},
    number={3},
    pages={51--59},
    year={1998},
    publisher={Springer}
}

@misc{gcumodular,
    title={Construction dynamique de fonctions en Python},
    author={Association GCU},
    note={\url{http://wiki.gcu.info/doku.php?id=codaz:python:construction_dynamique_de_fonctions}}
}

@book{klir1995fuzzy,
    title={Fuzzy sets and fuzzy logic},
    author={Klir, G.J. and Yuan, B.},
    year={1995},
    publisher={Prentice Hall New Jersey}
}

@article{wang1994adaptive,
    title={Adaptive fuzzy systems and control- Design and stability analysis},
    author={Wang, L.X.},
    journal={Englewood Cliffs, NJ: PTR Prentice Hall, 1994.},
    year={1994}
}

@article{lee1990fuzzy,
    title={Fuzzy logic in control systems: fuzzy logic controller. I},
    author={Lee, C.C.},
    journal={Systems, Man and Cybernetics, IEEE Transactions on},
    volume={20},
    number={2},
    pages={404--418},
    year={1990},
    publisher={IEEE}
}

@article{ruder2004comparison,
    year={2004},
    author={J. Ruderman},
    title={A comparison of two trust metrics},
    journal={UCSD CSE 202 Fall 2004}
}

@misc{wassner2012pagerank,
    year={2012},
    author={H. Wassner},
    title={L'algorithme Pagerank},
    note={\url{http://professeurs.esiea.fr/wassner/?2012/05/03/372-l-algorithme-pagerank-en-vido}}
}


@misc{nicelab2012chaotic,
    year={2012},
    author={Nicelab},
    title={Chaotic Name System},
    note={\url{http://wiki.nicelab.org/index.php/Chaotic_Name_System}}
}
